@Book{ogorman,
  author = 	 {Lawrence O'Gorman and Michael J. Sammon and Michael Seul},
  editor = 	 {Cambridge University Press},
  title = 	 {Practical Algorithms for Image Analysis},
  publisher = 	 {2008},
  edition = 	 {First}
}



@Book{nixon,
  author = 	 {Mark Nixon and Alberto Aguado},
  editor = 	 {Elsevier Ltda.},
  title = 	 {Feature Extraction and Image Processing},
  publisher = 	 {2008},
  edition = 	 {Second},
  year	=	 {2008}
}



@article{ballard,
    author = {Ballard, D. H.},
    doi = {10.1016/0031-3203(81)90009-1},
    issn = {00313203},
    journal = {Pattern Recognition},
    keywords = {estimation, hough, robust},
    number = {2},
    pages = {111--122},
    title = {{Generalizing the Hough transform to detect arbitrary shapes}},
    url = {http://dx.doi.org/10.1016/0031-3203(81)90009-1},
    volume = {13},
    year = {1981}
}


